<record xmlns="http://www.loc.gov/MARC21/slim" xmlns:xsi="http://www.w3.org/2001/XMLSchema-instance" xsi:schemaLocation="http://www.loc.gov/MARC21/slim http://www.loc.gov/standards/marcxml/schema/MARC21slim.xsd">

  <leader>00517nam a2200145Ia 4500</leader>
  <datafield tag="999" ind2=" " ind1=" ">
    <subfield code="c">2275</subfield>
    <subfield code="d">2275</subfield>
  </datafield>
  <controlfield tag="008">180705b1993    cr ||||| |||| 00| | spa d</controlfield>
  <datafield ind1=" " tag="090" ind2=" ">
    <subfield code="a">18.08.01 </subfield>
    <subfield code="b">756</subfield>
  </datafield>
  <datafield ind1=" " tag="110" ind2=" ">
    <subfield code="a">Fundación Omar Dengo</subfield>
    <subfield code="9">3397</subfield>
  </datafield>
  <datafield ind2="0" tag="245" ind1="1">
    <subfield code="a">Introducción a la informática educativa para planificadores y educadores / </subfield>
    <subfield code="c">Fundación Omar Dengo</subfield>
  </datafield>
  <datafield ind2=" " tag="260" ind1=" ">
    <subfield code="a">San José, Costa Rica : </subfield>
    <subfield code="b">Fundación Omar Dengo, </subfield>
    <subfield code="c">1993</subfield>
  </datafield>
  <datafield tag="300" ind2=" " ind1=" ">
    <subfield code="a">500 páginas</subfield>
  </datafield>
  <datafield ind2="4" tag="650" ind1="1">
    <subfield code="a">INFORMÁTICA EDUCATIVA</subfield>
    <subfield code="9">3407</subfield>
  </datafield>
  <datafield ind2="4" tag="650" ind1="1">
    <subfield code="a">PLANIFICADOR DE LA EDUCACION</subfield>
    <subfield code="9">3937</subfield>
  </datafield>
  <datafield ind1=" " ind2=" " tag="942">
    <subfield code="2">z</subfield>
    <subfield code="c">01</subfield>
  </datafield>
</record>